% This file was created with JabRef 2.8.1.
% Encoding: Cp1252

@MISC{evm8168,
  author = {{Texas Instruments}},
  title = {DM816x/AM389x Evaluation Module},
  howpublished = {http://www.ti.com/tool/tmdxevm8168},
  month = {Oktober},
  year = {2012},
  owner = {wolpers},
  timestamp = {2012.10.25},
  url = {http://www.ti.com/tool/tmdxevm8168}
}

@TECHREPORT{,
  owner = {wolpers},
  timestamp = {2012.11.09}
}

@MANUAL{TechRef,
  title = {TMS320DM816x DaVinci Video Processors: Technical Reference Manual},
  organization = {Texas Instuments},
  month = {Mai},
  year = {2012},
  owner = {wolpers},
  timestamp = {2012.11.09}
}

@MANUAL{tidm8168,
  title = {TMS320DM816x DaVinci Video Processors},
  organization = {Texas Instruments},
  year = {2012},
  file = {:E\:\\Wolpers\\Masterarbeit\\Documents\\tms320c6a8168.pdf:PDF},
  owner = {wolpers},
  timestamp = {2012.10.25}
}

@MANUAL{spec,
  title = {DM816x/C6A816x/AM389x Evaluation Module: Technical Reference},
  organization = {Spectrum Digital, Inc.},
  address = {Stafford},
  edition = {512875-0001 Rev. A},
  month = {Oktober},
  year = {2011},
  owner = {wolpers},
  timestamp = {2012.10.25}
}

@comment{jabref-meta: selector_review:}

@comment{jabref-meta: selector_publisher:}

@comment{jabref-meta: selector_author:}

@comment{jabref-meta: selector_journal:}

@comment{jabref-meta: selector_keywords:}

